@inproceedings{Brun2011,
 author = {Brun, Yuriy and Holmes, Reid and Ernst, Michael D. and Notkin, David},
 title = {Proactive Detection of Collaboration Conflicts},
 booktitle = {Proceedings of the 19th ACM SIGSOFT Symposium and the 13th European Conference on Foundations of Software Engineering},
 series = {ESEC/FSE '11},
 year = {2011},
 isbn = {978-1-4503-0443-6},
 location = {Szeged, Hungary},
 pages = {168--178},
 numpages = {11},
 url = {http://doi.acm.org/10.1145/2025113.2025139},
 doi = {10.1145/2025113.2025139},
 acmid = {2025139},
 publisher = {ACM},
 address = {New York, NY, USA},
 keywords = {collaboration conflicts, collaborative development, crystal, developer awareness, speculative analysis, version control},
} 
@phdthesis{palantir,
 author = {Sarma, Anita},
 advisor = {Hoek, Andre Van},
 title = {Palantir: Enhancing Configuration Management Systems with Workspace Awareness to Detect and Resolve Emerging Conflicts},
 year = {2008},
 isbn = {978-0-549-41110-9},
 note = {AAI3296276},
 publisher = {California State University at Long Beach},
 school = {University of California, Irvine}.
 address = {Long Beach, CA, USA},
} 
@inproceedings{cassandra,
 author = {Kasi, Bakhtiar Khan and Sarma, Anita},
 title = {Cassandra: Proactive Conflict Minimization Through Optimized Task Scheduling},
 booktitle = {Proceedings of the 2013 International Conference on Software Engineering},
 series = {ICSE '13},
 year = {2013},
 isbn = {978-1-4673-3076-3},
 location = {San Francisco, CA, USA},
 pages = {732--741},
 numpages = {10},
 url = {http://dl.acm.org/citation.cfm?id=2486788.2486884},
 acmid = {2486884},
 publisher = {IEEE Press},
 address = {Piscataway, NJ, USA},
} 
@inproceedings{Mihai_lenses,
 author = {Codoban, Mihai and Ragavan, Sruti Srinivasa and Dig, Danny and Bailey, Brian},
 title = {Software History Under the Lens: A Study on Why and How Developers Examine It},
 booktitle = {Proceedings of the 2015 IEEE International Conference on Software Maintenance and Evolution (ICSME)},
 series = {ICSME '15},
 year = {2015},
 isbn = {978-1-4673-7532-0},
 pages = {1--10},
 numpages = {10},
 url = {http://dx.doi.org/10.1109/ICSM.2015.7332446},
 doi = {10.1109/ICSM.2015.7332446},
 acmid = {2881360},
 publisher = {IEEE Computer Society},
 address = {Washington, DC, USA},
} 
@article{unitization,
  author = {Campbell, John L. and Quincy, Charles and Osserman, Jordan and Pedersen, Ove K.},
  journal = {Sociological Methods \& Research},
  year = 2013,
  title = {Coding In-depth Semistructured Interviews: Problems of Unitization and Intercoder Reliability and Agreement},
  doi = {10.1177/0049124113500475},
  url = {http://smr.sagepub.com/content/42/3/294.full.pdf+html}
}
@inproceedings{bird-branches-conflict,
 author = {Bird, Christian and Zimmermann, Thomas},
 title = {Assessing the Value of Branches with What-if Analysis},
 booktitle = {Proceedings of the ACM SIGSOFT 20th International Symposium on the Foundations of Software Engineering},
 series = {FSE '12},
 year = {2012},
 isbn = {978-1-4503-1614-9},
 location = {Cary, North Carolina},
 pages = {45:1--45:11},
 articleno = {45},
 numpages = {11},
 url = {http://doi.acm.org/10.1145/2393596.2393648},
 doi = {10.1145/2393596.2393648},
 acmid = {2393648},
 publisher = {ACM},
 address = {New York, NY, USA},
 keywords = {branch refactoring, branches, concurrent development, coordination, teams, what-if analysis},
} 
@inproceedings{hidden_dependencies,
  author    = {Zhifeng Yu and
               Vaclav Rajlich},
  title     = {Hidden Dependencies in Program Comprehension and Change Propagation},
  booktitle = {9th International Workshop on Program Comprehension {(IWPC} 2001),
               12-13 May 2001, Toronto, Canada},
  pages     = {293--299},
  year      = {2001},
  crossref  = {DBLP:conf/iwpc/2001},
  url       = {http://dx.doi.org/10.1109/WPC.2001.921739},
  doi       = {10.1109/WPC.2001.921739},
  timestamp = {Fri, 06 May 2016 09:39:16 +0200},
  biburl    = {http://dblp.uni-trier.de/rec/bib/conf/iwpc/YuR01},
  bibsource = {dblp computer science bibliography, http://dblp.org}
}
@misc{companion_site,
	title={Companion Site},
	howpublished={\url{http://people.oregonstate.edu/~mckeesh/SANER/index.html}}
}
@incollection{card_sort,
title={Card Sorting},
booktitle={The Encyclopedia of Human-Computer Interaction},
author={William Hudson},
publisher={Interaction Design Foundation},
year=2013,
edition=2nd,
chapter=22
}




