@inproceedings{Brun2011,
 author = {Brun, Yuriy and Holmes, Reid and Ernst, Michael D. and Notkin, David},
 title = {Proactive Detection of Collaboration Conflicts},
 booktitle = {Proceedings of the 19th ACM SIGSOFT Symposium and the 13th European Conference on Foundations of Software Engineering},
 series = {ESEC/FSE '11},
 year = {2011},
 isbn = {978-1-4503-0443-6},
 location = {Szeged, Hungary},
 pages = {168--178},
 numpages = {11},
 url = {http://doi.acm.org/10.1145/2025113.2025139},
 doi = {10.1145/2025113.2025139},
 acmid = {2025139},
 publisher = {ACM},
 address = {New York, NY, USA},
 keywords = {collaboration conflicts, collaborative development, crystal, developer awareness, speculative analysis, version control},
} 
@phdthesis{palantir,
 author = {Sarma, Anita},
 advisor = {Hoek, Andre Van},
 title = {Palantir: Enhancing Configuration Management Systems with Workspace Awareness to Detect and Resolve Emerging Conflicts},
 year = {2008},
 isbn = {978-0-549-41110-9},
 note = {AAI3296276},
 publisher = {California State University at Long Beach},
 address = {Long Beach, CA, USA},
} 
@inproceedings{cassandra,
 author = {Kasi, Bakhtiar Khan and Sarma, Anita},
 title = {Cassandra: Proactive Conflict Minimization Through Optimized Task Scheduling},
 booktitle = {Proceedings of the 2013 International Conference on Software Engineering},
 series = {ICSE '13},
 year = {2013},
 isbn = {978-1-4673-3076-3},
 location = {San Francisco, CA, USA},
 pages = {732--741},
 numpages = {10},
 url = {http://dl.acm.org/citation.cfm?id=2486788.2486884},
 acmid = {2486884},
 publisher = {IEEE Press},
 address = {Piscataway, NJ, USA},
} 